2845 4910
1567 506 1 92 —
1673 504 82 116 126
1844 512 1 94 —

783 687 315 114 connues
1179 689 158 112 sous
1427 677 76 124 les
1575 692 186 109 noms
1834 684 56 117 de
1963 688 360 135 courges,
2385 701 371 121 potirons,

788 806 509 136 giraumonts,
1345 804 441 142 citrouilles,
1844 821 134 109 etc.

888 945 69 128 La
1044 939 263 132 culture
1403 941 448 125 maraîchère
1948 957 59 128 ne
2113 946 292 142 produit
2492 953 107 138 que
2716 950 30 134 le

782 1075 269 138 potiron
1127 1079 202 134 jaune
1405 1077 231 136 brodé
1682 1080 59 133 et
1807 1085 30 128 le
1941 1082 269 131 potiron
2296 1086 173 127 vert.

884 1208 72 129 On
1052 1212 80 126 les
1220 1211 176 129 sème
1485 1232 53 109 en
1644 1232 168 111 mars
1900 1232 115 113 sur
2094 1219 257 128 couche
2438 1219 318 131 chaude,

775 1352 54 119 en
898 1343 178 129 avril
1128 1358 108 115 sur
1305 1346 267 129 couche
1633 1347 222 130 tiède,
1898 1347 54 131 et
1995 1348 55 130 on
2128 1352 134 128 met
2323 1358 72 123 les
2473 1363 266 120 plantes

770 1489 51 117 en
905 1483 177 124 place
1158 1483 42 125 en
1293 1483 160 126 mai.
1520 1487 177 123 Dans
1765 1508 51 102 ce
1900 1488 143 123 but,
2094 1511 50 101 on
2229 1489 101 123 fait
2389 1489 101 124 des
2557 1491 177 123 trous

770 1616 229 129 carrés
1063 1617 55 129 de
1210 1617 45 129 60
1356 1614 20 132 à
1439 1614 568 133 70centimètres
2080 1621 55 126 de
2209 1620 156 127 côté
2420 1642 110 106 sur
2594 1620 56 128 25
2731 1620 19 128 à

773 1748 47 133 30
950 1748 465 127 centimètres
1498 1759 57 118 de
1665 1753 493 132 profondeur;
2269 1786 56 101 on
2464 1762 280 131 remplit

767 1902 95 123 ces
947 1893 179 128 trous
1229 1896 57 136 de
1371 1896 245 136 fumier
1701 1895 207 136 chaud
2003 1920 113 110 que
2201 1899 103 131 l’on
2389 1904 359 126 mouille;

769 2045 57 100 on
907 2026 220 121 remet
1183 2028 25 119 la
1296 2029 162 120 terre
1539 2045 114 105 sur
1726 2039 24 112 le
1839 2032 251 121 fumier
2163 2047 49 106 en
2301 2037 309 119 laissant
2674 2056 48 101 au

765 2162 228 123 centre
1069 2179 57 108 un
1221 2158 162 134 petit
1448 2161 285 137 bassin.
1827 2160 237 138 Quand
2159 2160 20 127 la
2263 2168 294 134 chaleur
2643 2183 95 108 est

767 2292 133 143 bien
989 2294 293 147 établie,
1343 2309 60 132 on
1494 2299 232 142 plante
1817 2324 51 117 un
1969 2308 132 133 pied
2180 2326 61 115 au
2342 2306 222 135 centre
2665 2303 51 138 du

766 2436 227 130 bassin
1069 2433 48 133 et
1174 2455 47 111 on
1307 2438 28 128 le
1411 2436 200 130 borne
1687 2436 142 130 d’un
1915 2444 104 122 bon
2086 2441 437 138 mouillage,
2579 2443 143 130 puis

761 2583 53 114 on
894 2584 338 113 recouvre
1312 2570 27 127 la
1455 2569 160 128 terre
1695 2570 53 127 de
1829 2572 249 125 fumier
2167 2585 44 112 et
2282 2583 54 114 on
2425 2575 293 122 termine

764 2717 51 133 en
916 2703 30 147 le
1038 2711 354 139 couvrant
1472 2705 193 126 d’une
1766 2705 283 148 cloche.
2150 2716 71 136 On
2342 2716 223 137 donne
2666 2719 61 126 de

766 2839 132 139 l’air
955 2839 105 139 dès
1126 2839 190 139 qu’on
1392 2842 398 136 s’aperçoit
1847 2852 105 126 que
2028 2854 28 124 la
2123 2846 218 132 plante
2407 2847 323 131 arepris.

766 2970 114 128 Dès
966 2970 190 132 qu’on
1270 2992 48 112 ne
1403 2973 229 135 craint
1708 2979 133 132 plus
1926 2979 77 134 les
2088 2976 285 141 gelées,
2440 2996 57 117 on
2592 2979 124 129 lève

756 3111 74 112 les
950 3111 333 123 cloches.
1357 3109 65 128 La
1533 3109 388 136 plantation
2042 3124 46 105 se
2180 3117 102 112 fait
2356 3129 46 100 en
2504 3113 213 132 lignes

756 3248 19 116 à
868 3248 37 125 1m
989 3248 46 115 50
1128 3248 47 115 de
1268 3248 326 139 distance
1696 3252 47 135 et
1817 3273 47 98 en
1975 3254 317 136 gardant
2357 3254 0 136 5
2459 3255 261 130 mètres

751 3383 503 138 d’entre-deux
1337 3390 169 130 pour
1570 3388 158 130 deux
1812 3387 270 130 lignes.
2147 3396 0 118 A
2240 3393 279 129 mesure
2612 3409 103 119 que

751 3521 28 120 le
892 3510 187 131 plant
1154 3511 403 130 s’allonge,
1641 3513 56 128 on
1781 3513 272 128 enterre
2175 3535 75 106 les
2334 3525 197 129 bras,
2615 3540 112 109 qui

751 3659 361 127 prennent
1178 3658 190 114 ainsi
1415 3657 294 115 racine:
1776 3660 170 139 c’est
2013 3682 47 117 ce
2136 3682 199 117 qu’on
2440 3660 265 136 appelle

749 3788 390 140 marcotter
1205 3796 76 130 les
1377 3789 371 136 potirons.
1824 3802 66 120 Le
1966 3800 105 121 sol
2138 3792 152 128 doit
2347 3796 124 123 être
2556 3805 162 113 cou¬

757 3928 127 173 vert
961 3921 140 148 d’un
1190 3918 115 184 bon
1407 3917 280 188 paillis,
1751 3938 89 161 et,
1891 3922 77 183 les
2083 3924 395 180 arrosages
2593 3920 127 179 fré¬
